@inproceedings{kayali2011retro,
  title={Retro Evolved: Level Design Practice exemplified by the Contemporary Retro Game},
  author={Kayali, Fares and Schuh, Josef},
  booktitle={Proceedings of DiGRA 2011 Conference: Think Design Play},
  year={2011}
}
@inproceedings{nair2016solving,
  title={Solving circular dependencies in industrial automation programs},
  author={Nair, Sreeja and Jetley, Raoul},
  booktitle={Industrial Informatics (INDIN), 2016 IEEE 14th International Conference on},
  pages={397--404},
  year={2016},
  organization={IEEE}
}
@article{briand1999unified,
  title={A unified framework for coupling measurement in object-oriented systems},
  author={Briand, Lionel C. and Daly, John W. and Wust, Jurgen K},
  journal={IEEE Transactions on software Engineering},
  volume={25},
  number={1},
  pages={91--121},
  year={1999},
  publisher={IEEE}
}
@inproceedings{togelius2013procedural,
  title={Procedural content generation: Goals, challenges and actionable steps},
  author={Togelius, Julian and Champandard, Alex J and Lanzi, Pier Luca and Mateas, Michael and Paiva, Ana and Preuss, Mike and Stanley, Kenneth O},
  booktitle={Dagstuhl Follow-Ups},
  volume={6},
  year={2013},
  organization={Schloss Dagstuhl-Leibniz-Zentrum fuer Informatik}
}
@article{chidamber1994metrics,
  title={A metrics suite for object oriented design},
  author={Chidamber, Shyam R and Kemerer, Chris F},
  journal={IEEE Transactions on software engineering},
  volume={20},
  number={6},
  pages={476--493},
  year={1994},
  publisher={IEEE}
}
@inproceedings{rathore2011novel,
  title={A novel coupling metrics measure difference between inheritance and interface to find better OOP paradigm using C},
  author={Rathore, Narendra Pal Singh and Gupta, Ravindra},
  booktitle={Information and Communication Technologies (WICT), 2011 World Congress on},
  pages={467--472},
  year={2011},
  organization={IEEE}
}
@inproceedings{pyla2010avoiding,
  title={Avoiding deadlock avoidance},
  author={Pyla, Hari K and Varadarajan, Srinidhi},
  booktitle={Proceedings of the 19th international conference on Parallel architectures and compilation techniques},
  pages={75--86},
  year={2010},
  organization={ACM}
}
@article{wulf1973global,
  title={Global variable considered harmful},
  author={Wulf, William and Shaw, Mary},
  journal={ACM Sigplan notices},
  volume={8},
  number={2},
  pages={28--34},
  year={1973},
  publisher={ACM}
}
@book{mcconnell2004code,
  title={Code complete},
  author={McConnell, Steve},
  year={2004},
  publisher={Pearson Education}
}
@inproceedings{boyapati2002ownership,
  title={Ownership types for safe programming: Preventing data races and deadlocks},
  author={Boyapati, Chandrasekhar and Lee, Robert and Rinard, Martin},
  booktitle={ACM Sigplan Notices},
  volume={37},
  number={11},
  pages={211--230},
  year={2002},
  organization={ACM}
}
@inproceedings{naik2009effective,
  title={Effective static deadlock detection},
  author={Naik, Mayur and Park, Chang-Seo and Sen, Koushik and Gay, David},
  booktitle={Software Engineering, 2009. ICSE 2009. IEEE 31st International Conference on},
  pages={386--396},
  year={2009},
  organization={IEEE}
}
@inproceedings{muntean2015smt,
  title={SMT-constrained symbolic execution engine for integer overflow detection in C code},
  author={Muntean, Paul and Rahman, Mustafizur and Ibing, Andreas and Eckert, Claudia},
  booktitle={Information Security for South Africa (ISSA), 2015},
  pages={1--8},
  year={2015},
  organization={IEEE}
}