@inproceedings{nair2016solving,
  title={Solving circular dependencies in industrial automation programs},
  author={Nair, Sreeja and Jetley, Raoul},
  booktitle={Industrial Informatics (INDIN), 2016 IEEE 14th International Conference on},
  pages={397--404},
  year={2016},
  organization={IEEE}
}

@inproceedings{sadi2014variable,
  title={Variable dependency analysis of a computer program},
  author={Sadi, Muhammad Sheikh and Halder, Linkan and Saha, Seemanta},
  booktitle={Electrical Information and Communication Technology (EICT), 2013 International Conference on},
  pages={1--5},
  year={2014},
  organization={IEEE}
}
@inproceedings{eichberg2008defining,
  title={Defining and continuous checking of structural program dependencies},
  author={Eichberg, Michael and Kloppenburg, Sven and Klose, Karl and Mezini, Mira},
  booktitle={Proceedings of the 30th international conference on Software engineering},
  pages={391--400},
  year={2008},
  organization={ACM}
}
@inproceedings{zimmermann2009predicting,
  title={Predicting defects with program dependencies},
  author={Zimmermann, Thomas and Nagappan, Nachiappan},
  booktitle={Proceedings of the 2009 3rd International Symposium on Empirical Software Engineering and Measurement},
  pages={435--438},
  year={2009},
  organization={IEEE Computer Society}
}
@article{harman2009dependence,
  title={Dependence clusters in source code},
  author={Harman, Mark and Binkley, David and Gallagher, Keith and Gold, Nicolas and Krinke, Jens},
  journal={ACM Transactions on Programming Languages and Systems (TOPLAS)},
  volume={32},
  number={1},
  pages={1},
  year={2009},
  publisher={ACM}
}
@inproceedings{islam2010dependence,
  title={Dependence cluster visualization},
  author={Islam, Syed S and Krinke, Jens and Binkley, David},
  booktitle={Proceedings of the 5th international symposium on Software visualization},
  pages={93--102},
  year={2010},
  organization={ACM}
}
@article{sinha2001interprocedural,
  title={Interprocedural control dependence},
  author={Sinha, Saurabh and Harrold, Mary Jean and Rothermel, Gregg},
  journal={ACM Transactions on Software Engineering and Methodology (TOSEM)},
  volume={10},
  number={2},
  pages={209--254},
  year={2001},
  publisher={ACM}
}
@article{briand1999unified,
  title={A unified framework for coupling measurement in object-oriented systems},
  author={Briand, Lionel C. and Daly, John W. and Wust, Jurgen K},
  journal={IEEE Transactions on software Engineering},
  volume={25},
  number={1},
  pages={91--121},
  year={1999},
  publisher={IEEE}
}
@inproceedings{schroter2006predicting,
  title={Predicting component failures at design time},
  author={Schr{\"o}ter, Adrian and Zimmermann, Thomas and Zeller, Andreas},
  booktitle={Proceedings of the 2006 ACM/IEEE international symposium on Empirical software engineering},
  pages={18--27},
  year={2006},
  organization={ACM}
}
@inproceedings{nagappan2007using,
  title={Using software dependencies and churn metrics to predict field failures: An empirical case study},
  author={Nagappan, Nachiappan and Ball, Thomas},
  booktitle={Empirical Software Engineering and Measurement, 2007. ESEM 2007. First International Symposium on},
  pages={364--373},
  year={2007},
  organization={IEEE}
}